

@misc{ VR,
       author = "Wikipedia",
       title = "Virtual Reality",
       year = "2022",
      howpublished="\url{https://es.wikipedia.org/wiki/Realidad_virtual}",
}

@misc{Quest2
author = "facebook",
title = Oculus Quest 2 (1),
howpublished="\url{https://store.facebook.com/es/quest/products/quest-2/tech-specs#tech-specs}"
}
@misc{ 6Grados,
       author = "Wikipedia",
       title = "6 Grados de libertad",
       year = "2022",
       howpublished="\url{ https://es.wikipedia.org/wiki/Seis_grados_de_libertad}",
}
@misc{ Háptica1,
       author = "Wikipedia",
       title = "Háptica",
       year = "2022",
     howpublished="\url{https://en.wikipedia.org/wiki/Haptic_technology}",
}



@misc{ SGloveNova,
       author = "SenseGlove",
       title = "Nova",
       year = "2022",
       howpublished="\url{https://www.senseglove.com/product/nova/}",
}
@misc{ Robotica,
       author = "Universidad ORT Uruguay",
       title = "Robotica",
       year = "2022",
       howpublished="\url{https://fi.ort.edu.uy/blog/que-es-la-robotica-y-cuales-son-sus-usos}"
}


@misc{ Telerrobotica,
       author = "Wikipedia",
       title = "Telerrobótica",
       year = "2022",
       howpublished="\url{https://es.wikipedia.org/wiki/Telerrob%C3%B3tica}"
       
}

@misc{ Haptica1,
       author = "Wikipedia",
       title = "Háptica",
       year = "2022",
     howpublished="\url{https://en.wikipedia.org/wiki/Haptic_technology}",
}

@misc{ Telepresencia,
       author = "Obseratorio Téc. MX",
       title = "Telepresencia",
       year = "2020",
        howpublished="\url{https://observatorio.tec.mx/edu-bits-blog/telepresencia-aprendizaje-digital}"
}

@misc{ ROS,
       author = "Wiki ROS",
       name = "ROS",
       howpublished="\url{https://wiki.ros.org/es/ROS/Introduccion}"
}

@misc{ MotorGrafico,
       author = "DigitalTrends",
       title = "Motor Gráfico",
       year = "2022",
        howpublished="\url{https://es.digitaltrends.com/videojuego/que-es-un-motor-grafico/#dt-heading-qu-es-un-motor-grfico}"
}

@misc{ Unity,
       author = "Unity",
       title = "Unity",
       year = "2022",
        howpublished="\url{https://unity.com/es}"
}

@misc{ C,
       author = "Microsoft",
       title = "C#",
       year = "2022",
        howpublished="\url{https://docs.microsoft.com/es-es/dotnet/csharp/tour-of-csharp/}"
}

@misc{ GameObjects,
       author = "Unity",
       title = "GameObjects",
       year = "2022",
        howpublished="\url{https://docs.unity3d.com/es/2018.4/Manual/GameObjects.html}"
}

@misc{ Componentes,
       author = "Unity",
       title = "Componentes",
       year = "2022",
        howpublished="\url{https://docs.unity3d.com/es/530/Manual/Components.html}"
}

@misc{ Transform,
       author = "Unity",
       title = "Transform",
       year = "2022",
        howpublished="\url{https://docs.unity3d.com/es/530/Manual/class-Transform.html}"
}

@misc{ Latex,
       author = "Latex",
       title = "Latex",
       year = "2022",
        howpublished="\url{https://www.latex-project.org/}"
}

@misc{ SCRUM,
       author = "We are Marketing",
       title = "Scrum",
       year = "2022",
        howpublished="\url{https://www.wearemarketing.com/es/blog/metodologia-scrum-que-es-y-como-funciona.html}"
}

@misc{ AGILE,
       author = "Wikipedia",
       title = "AGILE",
       year = "2022",
        howpublished="\url{https://es.wikipedia.org/wiki/Desarrollo_%C3%A1gil_de_software}"
}

@misc{ Controldeversiones,
       author = "Atlassian",
       title = "Control de versiones",
       year = "2022",
        howpublished="\url{https://www.atlassian.com/es/git/tutorials/what-is-version-control}"
}

@misc{ SourceTree,
       author = "SourceTree",
       title = "SourceTree",
       year = "2022",
        howpublished="\url{https://www.sourcetreeapp.com/}"
}

@misc{ BitBucket,
       author = "Atlassian",
       title = "BitBucket",
       year = "2022",
        howpublished="\url{https://www.atlassian.com/es/software/bitbucket/guides/getting-started/overview}"
}
@misc{ Jira,
       author = "Atlassian",
       title = "Jira",
       year = "2022",
        howpublished="\url{https://www.atlassian.com/es/software/jira/features?tab=scrum}"
}

@misc{ UnityHUB,
       author = "Niixer",
       title = "UnityHUB",
       year = "2020",
        howpublished="\url{https://niixer.com/index.php/2020/11/10/que-es-unity-hub/}"
}
@misc{ Rider,
       author = "JetBrains",
       title = "Rider",
       year = "2022",
      howpublished ="\url {https://www.jetbrains.com/es-es/lp/dotnet-unity/#:~:text=JetBrains%20Rider%20es%20un%20editor,de%20errores%20mucho%20m%C3%A1s%20r%C3%A1pido
      }"
}


@misc{ SSH,
       author = "Wikipedia",
       title = "SSH",
       year = "2022",
       howpublished="\url{https://es.wikipedia.org/wiki/Secure_Shell}"
}

@misc{ Requerimientos,
       author = "FortalezaGamer",
       title = "Requerimientos Unity",
       year = "2022",
        howpublished="\url{https://www.lafortalezagamer.online/unity-que-es-requisitos-minimos-peso-en-disco-pros-y-contras/}"
}

@misc{ Sarafun,
       author = "Cordis Europa",
       title = "SSH",
       year = "2018",
        howpublished="\url{https://cordis.europa.eu/article/id/238961-smart-robots-master-the-art-of-gripping/es}"
}

@misc{ JAK,
       author = "Se4.space",
       title = "JAK",
       year = "2018",
        howpublished="\url{https://www.se4.space/project/jak/}"
}

@misc{ Set,
       author = "tekcrispy",
       title = "JAK",
       year = "2019",
        howpublished="\url{https://www.tekcrispy.com/2019/07/31/se4-robots-realidad-virtual/}"
}





@misc{ itcl,
       author = "itcl",
       title = "ITCL",
       year = "2022",
        howpublished="\url{https://itcl.es/}"
}